<?xml version="1.0" encoding="UTF-8"?><collection xmlns="http://www.loc.gov/MARC21/slim"><record><leader>00349nam--2200133-i-4500</leader><controlfield tag="001">000010955</controlfield><controlfield tag="002">20161230</controlfield><controlfield tag="005">20161230201029</controlfield><controlfield tag="008">060222s1000------------r-----000-0-eng-d</controlfield><datafield ind1=" " ind2=" " tag="080"><subfield code="a">512.86(075:76)</subfield></datafield><datafield ind1=" " ind2=" " tag="100"><subfield code="a">Barbosu, Alexandru</subfield></datafield><datafield ind1=" " ind2=" " tag="245"><subfield code="a">Notiuni de algebra abstracta tratate prin exem ple</subfield></datafield><datafield ind1=" " ind2=" " tag="260"><subfield code="a">Cluj, Ed. Dacia, 1974. 302 P</subfield></datafield><datafield ind1=" " ind2=" " tag="852"><subfield code="a">40593</subfield></datafield></record></collection>